@phdthesis{phdthesis:2020Kinnaird,
  author       = {Nicholas Kinnaird}, 
  title        = {Muon spin precession frequency extraction and decay positron track fitting in Run 1 of the Fermilab Muon $g-2$ Experiment},
  school       = {Boston University},
  year         = 2020,
  month        = 1,
}

@phdthesis{phdthesis:2019Fienberg,
  author       = {Aaron Fienberg}, 
  title        = {Measuring the Precession Frequency in the E989 Muon $g-2$ Experiment},
  school       = {University of Washington},
  year         = 2019,
  month        = 1,
}

@phdthesis{phdthesis:2020Sweigart,
  author       = {David Allen Sweigart}, 
  title        = {A measurement of the anomalous precession frequency of the positive muon},
  school       = {Cornell University},
  year         = 2020,
  month        = 5,
}

@misc{AlexCombinationNote,
  author = {A. Keshavarzi},
  title  = {A statistical combination of \wa for \R1},
  howpublished = {Muon \gmtwo DocDB 21494},
  date = {02/16/2020}
}

@book{Cowan,
      author = "G. Cowan",
      title = "Statistical Data Analysis",
      publisher = "Clarendon Press Oxford",
      year = "1998"
}

@misc{JoshEvW,
  author = {J. LaBounty},
  title  = {\R1 Recon East vs. Recon West Comparisons},
  howpublished = {Muon \gmtwo DocDB 21494},
  date = {02/20/2020}
}
